@inproceedings{11*herrera2012,
  title={Online configuration of PTZ camera networks},
  author={Herrera, Jose Luis Alarcon and Chen, Xiang},
  booktitle={Distributed Smart Cameras (ICDSC), 2012 Sixth International Conference on},
  pages={1--6},
  year={2012},
  organization={IEEE}
}
@inproceedings{12*soto2009,
  title={Distributed multi-target tracking in a self-configuring camera network},
  author={Soto, Cristian and Song, Bi and Roy-Chowdhury, Amit K},
  booktitle={Computer Vision and Pattern Recognition, 2009. CVPR 2009. IEEE Conference on},
  pages={1486--1493},
  year={2009},
  organization={IEEE}
}
@inproceedings{14*lu2011,
  title={A bi-level programming model for network traffic surveillance of optimal camera location},
  author={Lu, Xiao-Shan and Huang, Hai-Jun and Long, Jiancheng},
  booktitle={Computational Sciences and Optimization (CSO), 2011 Fourth International Joint Conference on},
  pages={1035--1039},
  year={2011},
  organization={IEEE}
}
@article{18*ding2012,
  title={Collaborative sensing in a distributed PTZ camera network},
  author={Ding, Chong and Song, Bi and Morye, Akshay and Farrell, Jay A and Roy-Chowdhury, Amit K},
  journal={IEEE Transactions on Image Processing},
  volume={21},
  number={7},
  pages={3282--3295},
  year={2012},
  publisher={IEEE}
}
@article{19*li2013,
  title={Designing games for distributed optimization},
  author={Li, Na and Marden, Jason R},
  journal={IEEE Journal of Selected Topics in Signal Processing},
  volume={7},
  number={2},
  pages={230--242},
  year={2013},
  publisher={IEEE}
}
@article{22*zhao2008,
  title={Optimal camera network configurations for visual tagging},
  author={Zhao, Jian and Cheung, Sen-Ching and Nguyen, Thinh},
  journal={IEEE Journal of Selected Topics in Signal Processing},
  volume={2},
  number={4},
  pages={464--479},
  year={2008},
  publisher={IEEE}
}
@inproceedings{23*liu2009,
  title={Dynamic node collaboration for mobile target tracking in wireless camera sensor networks},
  author={Liu, Liang and Zhang, Xi and Ma, Huadong},
  booktitle={INFOCOM 2009, IEEE},
  pages={1188--1196},
  year={2009},
  organization={IEEE}
}
@inproceedings{25*song2008,
  title={Decentralized camera network control using game theory},
  author={Song, Bi and Soto, Cristian and Roy-Chowdhury, Amit K and Farrell, Jay A},
  booktitle={Distributed Smart Cameras, 2008. ICDSC 2008. Second ACM/IEEE International Conference on},
  pages={1--8},
  year={2008},
  organization={IEEE}
}
@article{26*moeini,
  title={Une Nouvelle Approche Pour la R{\'e}solution du Probl{\`e}me de la Galerie dâ€™Art},
  author={Moeini, Mahdi and Kr{\"o}ller, Alexander and Schmidt, Christiane}
}
@inproceedings{27*bodor2005,
  title={Multi-camera positioning to optimize task observability},
  author={Bodor, Robert and Schrater, Paul and Papanikolopoulos, Nikolaos},
  booktitle={Advanced Video and Signal Based Surveillance, 2005. AVSS 2005. IEEE Conference on},
  pages={552--557},
  year={2005},
  organization={IEEE}
}
@inproceedings{30*bodor2005,
  title={Mobile camera positioning to optimize the observability of human activity recognition tasks},
  author={Bodor, Robert and Drenner, Andrew and Janssen, Michael and Schrater, Paul and Papanikolopoulos, Nikolaos},
  booktitle={Intelligent Robots and Systems, 2005.(IROS 2005). 2005 IEEE/RSJ International Conference on},
  pages={1564--1569},
  year={2005},
  organization={IEEE}
}
@inproceedings{33*reddy2012,
  title={Camera positioning for global and local coverage optimization},
  author={Reddy, Krishna Konda and Conci, Nicola},
  booktitle={Distributed Smart Cameras (ICDSC), 2012 Sixth International Conference on},
  pages={1--6},
  year={2012},
  organization={IEEE}
}
@inproceedings{37*ma2012,
  title={Minimum camera barrier coverage in wireless camera sensor networks},
  author={Ma, Huan and Yang, Meng and Li, Deying and Hong, Yi and Chen, Wenping},
  booktitle={INFOCOM, 2012 Proceedings IEEE},
  pages={217--225},
  year={2012},
  organization={IEEE}
}
@article{38*liu2010,
  title={Optimal node selection for target localization in wireless camera sensor networks},
  author={Liu, Liang and Zhang, Xi and Ma, Huadong},
  journal={IEEE Transactions on Vehicular Technology},
  volume={59},
  number={7},
  pages={3562--3576},
  year={2010},
  publisher={IEEE}
}
@article{39*wu2011,
  title={Video surveillance over wireless sensor and actuator networks using active cameras},
  author={Wu, Dalei and Ci, Song and Luo, Haiyan and Ye, Yun and Wang, Haohong},
  journal={IEEE Transactions on Automatic Control},
  volume={56},
  number={10},
  pages={2467--2472},
  year={2011},
  publisher={IEEE}
}
@article{40*sohrabi2000,
  title={Protocols for self-organization of a wireless sensor network},
  author={Sohrabi, Katayoun and Gao, Jay and Ailawadhi, Vishal and Pottie, Gregory J},
  journal={IEEE personal communications},
  volume={7},
  number={5},
  pages={16--27},
  year={2000},
  publisher={IEEE}
}
@inproceedings{42*bulusu2001,
  title={Scalable coordination for wireless sensor networks: self-configuring localization systems},
  author={Bulusu, Nirupama and Estrin, Deborah and Girod, Lewis and Heidemann, John},
  booktitle={International Symposium on Communication Theory and Applications (ISCTA 2001), Ambleside, UK},
  year={2001}
}
@article{43*erdem2006,
  title={Automated camera layout to satisfy task-specific and floor plan-specific coverage requirements},
  author={Erdem, U{\u{g}}ur Murat and Sclaroff, Stan},
  journal={Computer Vision and Image Understanding},
  volume={103},
  number={3},
  pages={156--169},
  year={2006},
  publisher={Elsevier}
}
@article{44*chvatal1975,
  title={A combinatorial theorem in plane geometry},
  author={Chvatal, Vasek},
  journal={Journal of Combinatorial Theory, Series B},
  volume={18},
  number={1},
  pages={39--41},
  year={1975},
  publisher={Elsevier}
}
@inproceedings{53*ahmed2000,
  title={A neural optimization framework for zoom lens camera calibration},
  author={Ahmed, Moumen T and Farag, Aly A},
  booktitle={Computer Vision and Pattern Recognition, 2000. Proceedings. IEEE Conference on},
  volume={1},
  pages={403--409},
  year={2000},
  organization={IEEE}
}
@article{53*packer2008,
  title={Computing multiple watchman routes},
  author={Packer, Eli},
  journal={Lecture Notes in Computer Science},
  volume={5038},
  pages={114--128},
  year={2008},
  publisher={Springer}
}
@inproceedings{59*wang2008,
  title={An inversion propagation model using GA for coverage prediction of a single urban cell in wireless network},
  author={Wang, Yuhao and Dang, Ge and Si, Yang and Zhou, Huilin},
  booktitle={Communications, 2008. ICC'08. IEEE International Conference on},
  pages={4894--4898},
  year={2008},
  organization={IEEE}
}
@inproceedings{64*matsui1999,
  title={New selection method to improve the population diversity in genetic algorithms},
  author={Matsui, K},
  booktitle={Systems, Man, and Cybernetics, 1999. IEEE SMC'99 Conference Proceedings. 1999 IEEE International Conference on},
  volume={1},
  pages={625--630},
  year={1999},
  organization={IEEE}
}
@inproceedings{68*muhlenbein1989,
  title={Parallel genetic algorithms, population genetics and combinatorial optimization},
  author={M{\"u}hlenbein, Heinz},
  booktitle={Workshop on Parallel Processing: Logic, Organization, and Technology},
  pages={398--406},
  year={1989},
  organization={Springer}
}
@inproceedings{69*deb2000,
  title={A fast elitist non-dominated sorting genetic algorithm for multi-objective optimization: NSGA-II},
  author={Deb, Kalyanmoy and Agrawal, Samir and Pratap, Amrit and Meyarivan, Tanaka},
  booktitle={International Conference on Parallel Problem Solving From Nature},
  pages={849--858},
  year={2000},
  organization={Springer}
}
@inproceedings{70*arabas1994,
  title={GAVaPS-a genetic algorithm with varying population size},
  author={Arabas, Jaroslaw and Michalewicz, Zbigniew and Mulawka, Jan},
  booktitle={Evolutionary Computation, 1994. IEEE World Congress on Computational Intelligence., Proceedings of the First IEEE Conference on},
  pages={73--78},
  year={1994},
  organization={IEEE}
}
@article{71*grefenstette1986,
  title={Optimization of control parameters for genetic algorithms},
  author={Grefenstette, John J},
  journal={IEEE Transactions on systems, man, and cybernetics},
  volume={16},
  number={1},
  pages={122--128},
  year={1986},
  publisher={IEEE}
}
@article{73*wright1991,
  title={Genetic algorithms for real parameter optimization},
  author={Wright, Alden H and others},
  journal={Foundations of genetic algorithms},
  volume={1},
  pages={205--218},
  year={1991}
}
@article{74*srinivas1994,
  title={Genetic algorithms: A survey},
  author={Srinivas, Mandavilli and Patnaik, Lalit M},
  journal={computer},
  volume={27},
  number={6},
  pages={17--26},
  year={1994},
  publisher={IEEE}
}
@article{75*zhou2011,
  title={Multiobjective evolutionary algorithms: A survey of the state of the art},
  author={Zhou, Aimin and Qu, Bo-Yang and Li, Hui and Zhao, Shi-Zheng and Suganthan, Ponnuthurai Nagaratnam and Zhang, Qingfu},
  journal={Swarm and Evolutionary Computation},
  volume={1},
  number={1},
  pages={32--49},
  year={2011},
  publisher={Elsevier}
}
@article{76*premalatha2009,
  title={Hybrid PSO and GA for global maximization},
  author={Premalatha, K and Natarajan, AM},
  journal={Int. J. Open Problems Compt. Math},
  volume={2},
  number={4},
  pages={597--608},
  year={2009}
}
@article{77*shi2005,
  title={An improved GA and a novel PSO-GA-based hybrid algorithm},
  author={Shi, XH and Liang, YC and Lee, HP and Lu, C and Wang, LM},
  journal={Information Processing Letters},
  volume={93},
  number={5},
  pages={255--261},
  year={2005},
  publisher={Elsevier}
}
@article{78*boeringer2004,
  title={Particle swarm optimization versus genetic algorithms for phased array synthesis},
  author={Boeringer, Daniel W and Werner, Douglas H},
  journal={IEEE Transactions on antennas and propagation},
  volume={52},
  number={3},
  pages={771--779},
  year={2004},
  publisher={IEEE}
}
@article{79*franccois2001,
  title={Design of evolutionary algorithms-A statistical perspective},
  author={Fran{\c{c}}ois, Olivier and Lavergne, Christian},
  journal={IEEE Transactions on Evolutionary Computation},
  volume={5},
  number={2},
  pages={129--148},
  year={2001},
  publisher={IEEE}
}
@article{80*serpell2010,
  title={Self-adaptation of mutation operator and probability for permutation representations in genetic algorithms},
  author={Serpell, Martin and Smith, James E},
  journal={Evolutionary Computation},
  volume={18},
  number={3},
  pages={491--514},
  year={2010},
  publisher={MIT Press}
}
@inproceedings{81*nikolaidis2009,
  title={Optimal camera placement considering mobile robot trajectory},
  author={Nikolaidis, Stefanos and Ueda, Ryuichi and Hayashi, Akinobu and Arai, Tamio},
  booktitle={Robotics and Biomimetics, 2008. ROBIO 2008. IEEE International Conference on},
  pages={1393--1396},
  year={2009},
  organization={IEEE}
}
@inproceedings{82*chrysostomou2012,
  title={Optimum multi-camera arrangement using a bee colony algorithm},
  author={Chrysostomou, Dimitrios and Gasteratos, Antonios},
  booktitle={Imaging Systems and Techniques (IST), 2012 IEEE International Conference on},
  pages={387--392},
  year={2012},
  organization={IEEE}
}
@inproceedings{83*van2009,
  title={Automatic camera placement for large scale surveillance networks},
  author={van den Hengel, Anton and Hill, Rhys and Ward, Ben and Cichowski, Alex and Detmold, Henry and Madden, Chris and Dick, Anthony and Bastian, John},
  booktitle={Applications of Computer Vision (WACV), 2009 Workshop on},
  pages={1--6},
  year={2009},
  organization={IEEE}
}
@article{84*xu2011,
  title={Camera network coverage improving by particle swarm optimization},
  author={Xu, Yi-Chun and Lei, Bangjun and Hendriks, Emile A},
  journal={EURASIP Journal on Image and Video Processing},
  volume={2011},
  number={1},
  pages={458283},
  year={2011},
  publisher={Springer}
}
@article{87*morsly2012,
  title={Particle swarm optimization inspired probability algorithm for optimal camera network placement},
  author={Morsly, Yacine and Aouf, Nabil and Djouadi, Mohand Said and Richardson, Mark},
  journal={IEEE Sensors Journal},
  volume={12},
  number={5},
  pages={1402--1412},
  year={2012},
  publisher={IEEE}
}
@article{94*srinivas1994,
  title={Adaptive probabilities of crossover and mutation in genetic algorithms},
  author={Srinivas, Mandavilli and Patnaik, Lalit M},
  journal={IEEE Transactions on Systems, Man, and Cybernetics},
  volume={24},
  number={4},
  pages={656--667},
  year={1994},
  publisher={IEEE}
}
@article{95*miller1995,
  title={Genetic algorithms, tournament selection, and the effects of noise},
  author={Miller, Brad L and Goldberg, David E and others},
  journal={Complex systems},
  volume={9},
  number={3},
  pages={193--212},
  year={1995},
  publisher={[Champaign, IL, USA: Complex Systems Publications, Inc., c1987-}
}
@inproceedings{96*calegari1997,
  title={Genetic approach to radio network optimization for mobile systems},
  author={Cal{\'e}gari, Patrice and Guidec, Fr{\'e}d{\'e}ric and Kuonen, Pierre and Wagner, DAWD},
  booktitle={Vehicular Technology Conference, 1997, IEEE 47th},
  volume={2},
  pages={755--759},
  year={1997},
  organization={IEEE}
}
@book{97*goldberg1985,
  title={Optimal initial population size for binary-coded genetic algorithms},
  author={Goldberg, David Edward},
  year={1985},
  publisher={Clearinghouse for Genetic Algorithms, Department of Engineering Mechanics, University of Alabama}
}
@inproceedings{101*topcuoglu2009,
  title={Hybrid evolutionary algorithms for sensor placement on a 3d terrain},
  author={Topcuoglu, Haluk Rahmi and Ermis, Murat and Sifyan, Mesut},
  booktitle={Intelligent Systems Design and Applications, 2009. ISDA'09. Ninth International Conference on},
  pages={511--516},
  year={2009},
  organization={IEEE}
}
@inproceedings{109*cerf1995,
  title={An asymptotic theory for genetic algorithms},
  author={Cerf, Rapha{\"e}l},
  booktitle={European Conference on Artificial Evolution},
  pages={35--53},
  year={1995},
  organization={Springer}
}
@article{113*mais2010,
  title={Diff{\'e}rentes op{\'e}rateurs {\'e}volutionnaires de permutation: s{\'e}lections, croisements et mutations},
  author={Mais, HAJ-RACHID and Bloch, Christelle and Ramdane-Cherif, Wahiba and Chatonnay, Pascal},
  journal={LABORATOIRE Dâ€™INFORMATIQUE DE Lâ€™UNIVERSITE DE FRANCHE-COMTE},
  year={2010}
}
@article{133*schwefel1984,
  title={Evolution strategies: A family of non-linear optimization techniques based on imitating some principles of organic evolution},
  author={Schwefel, Hans-Paul},
  journal={Annals of Operations Research},
  volume={1},
  number={2},
  pages={165--167},
  year={1984},
  publisher={Springer}
}
@article{138*whitley1994,
  title={A genetic algorithm tutorial},
  author={Whitley, Darrell},
  journal={Statistics and computing},
  volume={4},
  number={2},
  pages={65--85},
  year={1994},
  publisher={Springer}
}
@article{140*soremekun2001,
  title={Composite laminate design optimization by genetic algorithm with generalized elitist selection},
  author={Soremekun, G and G{\"u}rdal, Z and Haftka, RT and Watson, LT},
  journal={Computers \& structures},
  volume={79},
  number={2},
  pages={131--143},
  year={2001},
  publisher={Elsevier}
}
@article{141*akbarzadeh2013,
  title={Probabilistic sensing model for sensor placement optimization based on line-of-sight coverage},
  author={Akbarzadeh, Vahab and Gagn{\'e}, Christian and Parizeau, Marc and Argany, Meysam and Mostafavi, Mir Abolfazl},
  journal={IEEE Transactions on Instrumentation and Measurement},
  volume={62},
  number={2},
  pages={293--303},
  year={2013},
  publisher={IEEE}
}
@inproceedings{142*hoppe2012,
  title={Photogrammetric camera network design for micro aerial vehicles},
  author={Hoppe, Christof and Wendel, Andreas and Zollmann, Stefanie and Pirker, Katrin and Irschara, Arnold and Bischof, Horst and Kluckner, Stefan},
  booktitle={Computer vision winter workshop (CVWW)},
  volume={8},
  pages={1--3},
  year={2012}
}
@article{146*li2011,
  title={Coverage path planning for UAVs based on enhanced exact cellular decomposition method},
  author={Li, Yan and Chen, Hai and Er, Meng Joo and Wang, Xinmin},
  journal={Mechatronics},
  volume={21},
  number={5},
  pages={876--885},
  year={2011},
  publisher={Elsevier}
}
@article{149*mavrinac2013,
  title={Modeling coverage in camera networks: A survey},
  author={Mavrinac, Aaron and Chen, Xiang},
  journal={International journal of computer vision},
  volume={101},
  number={1},
  pages={205--226},
  year={2013},
  publisher={Springer}
}
@article{150*chakrabarty2002,
  title={Grid coverage for surveillance and target location in distributed sensor networks},
  author={Chakrabarty, Krishnendu and Iyengar, S Sitharama and Qi, Hairong and Cho, Eungchun},
  journal={IEEE transactions on computers},
  volume={51},
  number={12},
  pages={1448--1453},
  year={2002},
  publisher={IEEE}
}
@article{151*zhao2013,
  title={Approximate techniques in solving optimal camera placement problems},
  author={Zhao, Jian and Yoshida, Ruriko and Cheung, Sen-ching Samson and Haws, David},
  journal={International Journal of Distributed Sensor Networks},
  volume={9},
  number={11},
  pages={241913},
  year={2013},
  publisher={SAGE Publications Sage UK: London, England}
}
@article{152*wang2009,
  title={Nodes placement for optimizing coverage of visual sensor networks},
  author={Wang, Chang and Qi, Fei and Shi, Guang-Ming},
  journal={Advances in Multimedia Information Processing-PCM 2009},
  pages={1144--1149},
  year={2009},
  publisher={Springer}
}
@inproceedings{165*jiang2010,
  title={A coverage enhancement method of directional sensor network based on genetic algorithm for occlusion-free surveillance},
  author={Jiang, Yibo and Yang, Jinwei and Chen, Weijie and Wang, Wanliang},
  booktitle={Computational Aspects of Social Networks (CASoN), 2010 International Conference on},
  pages={311--314},
  year={2010},
  organization={IEEE}
}
@inproceedings{170*yabuta2008,
  title={Optimum camera placement considering camera specification for security monitoring},
  author={Yabuta, Kenichi and Kitazawa, Hitoshi},
  booktitle={Circuits and Systems, 2008. ISCAS 2008. IEEE International Symposium on},
  pages={2114--2117},
  year={2008},
  organization={IEEE}
}
@inproceedings{171*horster2006,
  title={On the optimal placement of multiple visual sensors},
  author={H{\"o}rster, Eva and Lienhart, Rainer},
  booktitle={Proceedings of the 4th ACM international workshop on Video surveillance and sensor networks},
  pages={111--120},
  year={2006},
  organization={ACM}
}
@article{174*zhang2016,
  title={Approximating Maximum Lifetime $ k $-Coverage Through Minimizing Weighted $ k $-Cover in Homogeneous Wireless Sensor Networks},
  author={Zhang, Zhao and Willson, James and Lu, Zaixin and Wu, Weili and Zhu, Xuding and Du, Ding-Zhu},
  journal={IEEE/ACM Transactions on Networking},
  volume={24},
  number={6},
  pages={3620--3633},
  year={2016},
  publisher={IEEE}
}
@article{175*medhi2013,
  title={Sixsoid: A new paradigm for $ k $-coverage in 3D Wireless Sensor Networks},
  author={Medhi, Nabajyoti and Pal, Manjish},
  journal={arXiv preprint arXiv:1401.0200},
  year={2013}
}
@article{181*wang2017,
  title={Camera Coverage Estimation Based on Multistage Grid Subdivision},
  author={Wang, Meizhen and Liu, Xuejun and Zhang, Yanan and Wang, Ziran},
  journal={ISPRS International Journal of Geo-Information},
  volume={6},
  number={4},
  pages={110},
  year={2017},
  publisher={Multidisciplinary Digital Publishing Institute}
}
@article{191*di2016,
  title={Coverage path planning for uavs photogrammetry with energy and resolution constraints},
  author={Di Franco, Carmelo and Buttazzo, Giorgio},
  journal={Journal of Intelligent \& Robotic Systems},
  volume={83},
  number={3-4},
  pages={445--462},
  year={2016},
  publisher={Springer}
}
@article{193*fu2014,
  title={Surveillance of a 2D plane area with 3D deployed cameras},
  author={Fu, Yi-Ge and Zhou, Jie and Deng, Lei},
  journal={Sensors},
  volume={14},
  number={2},
  pages={1988--2011},
  year={2014},
  publisher={Multidisciplinary Digital Publishing Institute}
}
@article{194*fu2010,
  title={Research on the three-dimensional perception model and coverage-enhancing algorithm for wireless multimedia sensor networks},
  author={Fu, Xiao and WANG, Ru-chuan and SUN, Li-juan and Shuai, WU},
  journal={The Journal of China Universities of Posts and Telecommunications},
  volume={17},
  pages={67--72},
  year={2010},
  publisher={Elsevier}
}
@article{200*kulkarni2011,
  title={Particle swarm optimization in wireless-sensor networks: A brief survey},
  author={Kulkarni, Raghavendra V and Venayagamoorthy, Ganesh Kumar},
  journal={IEEE Transactions on Systems, Man, and Cybernetics, Part C (Applications and Reviews)},
  volume={41},
  number={2},
  pages={262--267},
  year={2011},
  publisher={IEEE}
}
@article{214*choset2001,
  title={Coverage for robotics--A survey of recent results},
  author={Choset, Howie},
  journal={Annals of mathematics and artificial intelligence},
  volume={31},
  number={1},
  pages={113--126},
  year={2001},
  publisher={Springer}
}
@inproceedings{218*meiting2007,
  title={Complete coverage path planning of wall-cleaning robot using visual sensor},
  author={Meiting, Wang and Junjian, Tan Shili Ding and Liwen, Yan},
  booktitle={Electronic Measurement and Instruments, 2007. ICEMI'07. 8th International Conference on},
  pages={4--159},
  year={2007},
  organization={IEEE}
}
@book{219*orourke1987,
  title={Art gallery theorems and algorithms},
  author={O'rourke, Joseph},
  volume={57},
  year={1987},
  publisher={Oxford University Press Oxford}
}
@inproceedings{221*fleishman2000,
  title={Automatic Camera Placement for Image-Based Modeling},
  author={Fleishman, Shachar and Cohen-Or, Daniel and Lischinski, Dani},
  booktitle={Computer Graphics Forum},
  volume={19},
  number={2},
  pages={101--110},
  year={2000},
  organization={Wiley Online Library}
}
@article{223*zhong2004,
  title={A multiagent genetic algorithm for global numerical optimization},
  author={Zhong, Weicai and Liu, Jing and Xue, Mingzhi and Jiao, Licheng},
  journal={IEEE Transactions on Systems, Man, and Cybernetics, Part B (Cybernetics)},
  volume={34},
  number={2},
  pages={1128--1141},
  year={2004},
  publisher={IEEE}
}
@article{224*couto2011,
  title={An exact algorithm for minimizing vertex guards on art galleries},
  author={Couto, Marcelo C and de Rezende, Pedro J and de Souza, Cid C},
  journal={International Transactions in Operational Research},
  volume={18},
  number={4},
  pages={425--448},
  year={2011},
  publisher={Wiley Online Library}
}
@article{185*bremermann1962,
  title={Optimization through evolution and recombination},
  author={Bremermann, Hans J},
  journal={Self-organizing systems},
  volume={93},
  pages={106},
  year={1962},
  publisher={Washington, DC}
}
@article{186*friedberg1958,
  title={A learning machine: Part I},
  author={Friedberg, Richard M},
  journal={IBM Journal of Research and Development},
  volume={2},
  number={1},
  pages={2--13},
  year={1958},
  publisher={IBM}
}
@article{187*box1957,
  title={Evolutionary operation: A method for increasing industrial productivity},
  author={Box, George EP},
  journal={Applied statistics},
  pages={81--101},
  year={1957},
  publisher={JSTOR}
}
@article{184*robbins1951,
  title={A stochastic approximation method},
  author={Robbins, Herbert and Monro, Sutton},
  journal={The annals of mathematical statistics},
  pages={400--407},
  year={1951},
  publisher={JSTOR}
}
@article{111*holland1962,
  title={Outline for a logical theory of adaptive systems},
  author={Holland, John H},
  journal={Journal of the ACM (JACM)},
  volume={9},
  number={3},
  pages={297--314},
  year={1962},
  publisher={ACM}
}
@techreport{10in182*alander1994,
  title={An Indexed Bibliography of Genetic Algorithms Papers of 1996 (in proceedings)},
  author={Alander, Jarmo T},
  year={1994},
  institution={Report 94-1-96PROC, University of Vaasa, Department of Information Technology and Production Economics, 1995.(ftp://ftp. uwasa. fics/report94-1/ga96PROCbib. ps. Z) ga96PROCbib}
}
@article{rechenberg1965,
  title={Cybernetic solution path of an experimental problem},
  author={Rechenberg, Ingo},
  year={1965},
  publisher={Ministry of Aviation, Royal Aircraft Establishment}
}
@article{114*zhang2007,
  title={MOEA/D: A multiobjective evolutionary algorithm based on decomposition},
  author={Zhang, Qingfu and Li, Hui},
  journal={IEEE Transactions on evolutionary computation},
  volume={11},
  number={6},
  pages={712--731},
  year={2007},
  publisher={IEEE}
}
@article{112*goldberg1989,
  title={Genetic algorithms and Walsh functions: Part I, a gentle introduction},
  author={Goldberg, David E},
  journal={Complex systems},
  volume={3},
  number={2},
  pages={129--152},
  year={1989}
}
@inproceedings{han2000,
  title={Genetic quantum algorithm and its application to combinatorial optimization problem},
  author={Han, Kuk-Hyun and Kim, Jong-Hwan},
  booktitle={Evolutionary Computation, 2000. Proceedings of the 2000 Congress on},
  volume={2},
  pages={1354--1360},
  year={2000},
  organization={IEEE}
}
@article{han2002,
  title={Quantum-inspired evolutionary algorithm for a class of combinatorial optimization},
  author={Han, Kuk-Hyun and Kim, Jong-Hwan},
  journal={IEEE transactions on evolutionary computation},
  volume={6},
  number={6},
  pages={580--593},
  year={2002},
  publisher={IEEE}
}
@inproceedings{117*sheikh2008,
  title={Genetic algorithm based clustering: a survey},
  author={Sheikh, Rahila H and Raghuwanshi, Mukesh M and Jaiswal, Anil N},
  booktitle={Emerging Trends in Engineering and Technology, 2008. ICETET'08. First International Conference on},
  pages={314--319},
  year={2008},
  organization={IEEE}
}
@inproceedings{122*wang1996,
  title={Applying genetic algorithms on pattern recognition: An analysis and survey},
  author={Wang, Yuan-Kai and Fan, Kuo-Chin},
  booktitle={Pattern Recognition, 1996., Proceedings of the 13th International Conference on},
  volume={2},
  pages={740--744},
  year={1996},
  organization={IEEE}
}
@inproceedings{123*owais2008,
  title={Survey: using genetic algorithm approach in intrusion detection systems techniques},
  author={Owais, Suhail and Snasel, Vaclav and Kromer, Pavel and Abraham, Ajith},
  booktitle={Computer Information Systems and Industrial Management Applications, 2008. CISIM'08. 7th},
  pages={300--307},
  year={2008},
  organization={IEEE}
}
@inproceedings{121*ronald1997,
  title={Robust encodings in genetic algorithms: A survey of encoding issues},
  author={Ronald, Simon},
  booktitle={Evolutionary Computation, 1997., IEEE International Conference on},
  pages={43--48},
  year={1997},
  organization={IEEE}
}
@article{131*walters1995,
  title={Evolutionary design algorithm for optimal layout of tree networks},
  author={Walters, Godfrey A and Smith, David K},
  journal={Engineering Optimization},
  volume={24},
  number={4},
  pages={261--281},
  year={1995},
  publisher={Taylor \& Francis}
}
@book{110*eiben2003,
  title={Introduction to evolutionary computing},
  author={Eiben, Agoston E and Smith, James E and others},
  volume={53},
  year={2003},
  publisher={Springer}
}
@inproceedings{65*thierens1994,
  title={Elitist recombination: An integrated selection recombination GA},
  author={Thierens, Dirk and Goldberg, David},
  booktitle={Evolutionary Computation, 1994. IEEE World Congress on Computational Intelligence., Proceedings of the First IEEE Conference on},
  pages={508--512},
  year={1994},
  organization={IEEE}
}
@inproceedings{143*maji2015,
  title={An evolutionary algorithm based approach for VLSI floor-planning},
  author={Maji, KB and Ghosh, Atreye and Kar, R and Mandal, D and Ghoshal, SP},
  booktitle={Science and Technology (TICST), 2015 International Conference on},
  pages={248--253},
  year={2015},
  organization={IEEE}
}
@inproceedings{8*zhou2011,
  title={Optimal coverage of camera networks using PSO algorithm},
  author={Zhou, Pu and Long, Chengnian},
  booktitle={Image and Signal Processing (CISP), 2011 4th International Congress on},
  volume={4},
  pages={2084--2088},
  year={2011},
  organization={IEEE}
}
@article{66*galceran2013,
  title={A survey on coverage path planning for robotics},
  author={Galceran, Enric and Carreras, Marc},
  journal={Robotics and Autonomous Systems},
  volume={61},
  number={12},
  pages={1258--1276},
  year={2013},
  publisher={Elsevier}
}
@article{164*valente2013,
  title={Near-optimal coverage trajectories for image mosaicing using a mini quad-rotor over irregular-shaped fields},
  author={Valente, Jo{\~a}o and Sanz, David and Del Cerro, Jaime and Barrientos, Antonio and de Frutos, Miguel {\'A}ngel},
  journal={Precision agriculture},
  volume={14},
  number={1},
  pages={115--132},
  year={2013},
  publisher={Springer}
}
@inproceedings{148*eberhart1995,
  title={A new optimizer using particle swarm theory},
  author={Eberhart, Russell and Kennedy, James},
  booktitle={Micro Machine and Human Science, 1995. MHS'95., Proceedings of the Sixth International Symposium on},
  pages={39--43},
  year={1995},
  organization={IEEE}
}
@inproceedings{61*kobayashi2001,
  title={Floor layout planning method based on self-organization},
  author={Kobayashi, Motohiro and Makita, Toshiyuki and Matsui, Shunsuke and Koyama, Masahiro and Fujii, Nobutada and Hatono, Itsuo and Ueda, Kanji},
  booktitle={Semiconductor Manufacturing Symposium, 2001 IEEE International},
  pages={381--384},
  year={2001},
  organization={IEEE}
}
@inproceedings{60*an2013,
  title={A practical approach to coverage control for multiple mobile robots with a circular sensing range},
  author={An, Vatana and Qu, Zhihua},
  booktitle={Robotic and Sensors Environments (ROSE), 2013 IEEE International Symposium on},
  pages={112--117},
  year={2013},
  organization={IEEE}
}
@inproceedings{56*davies2006,
  title={Multiple waypoint path planning for a mobile robot using genetic algorithms},
  author={Davies, Trevor and Jnifene, Amor},
  booktitle={Computational Intelligence for Measurement Systems and Applications, Proceedings of 2006 IEEE International Conference on},
  pages={21--26},
  year={2006},
  organization={IEEE}
}
@article{76*premalatha2009,
  title={Hybrid PSO and GA for global maximization},
  author={Premalatha, K and Natarajan, AM},
  journal={Int. J. Open Problems Compt. Math},
  volume={2},
  number={4},
  pages={597--608},
  year={2009}
}
@article{77*shi2005,
  title={An improved GA and a novel PSO-GA-based hybrid algorithm},
  author={Shi, XH and Liang, YC and Lee, HP and Lu, C and Wang, LM},
  journal={Information Processing Letters},
  volume={93},
  number={5},
  pages={255--261},
  year={2005},
  publisher={Elsevier}
}
@inproceedings{53*packer2008,
  title={Computing multiple watchman routes},
  author={Packer, Eli},
  booktitle={International Workshop on Experimental and Efficient Algorithms},
  pages={114--128},
  year={2008},
  organization={Springer}
}
@inproceedings{102*ware2016,
  title={An analysis of wind field estimation and exploitation for quadrotor flight in the urban canopy layer},
  author={Ware, John and Roy, Nicholas},
  booktitle={Robotics and Automation (ICRA), 2016 IEEE International Conference on},
  pages={1507--1514},
  year={2016},
  organization={IEEE}
}
@inproceedings{139*razali2011,
  title={Genetic algorithm performance with different selection strategies in solving TSP},
  author={Razali, Noraini Mohd and Geraghty, John and others},
  booktitle={Proceedings of the world congress on engineering},
  volume={2},
  pages={1134--1139},
  year={2011},
  organization={International Association of Engineers Hong Kong}
}
@article{144*torres2016,
  title={Coverage path planning with unmanned aerial vehicles for 3D terrain reconstruction},
  author={Torres, Marina and Pelta, David A and Verdegay, Jos{\'e} L and Torres, Juan C},
  journal={Expert Systems with Applications},
  volume={55},
  pages={441--451},
  year={2016},
  publisher={Elsevier}
}
@article{191*diFranco2016,
  title={Coverage path planning for UAVs photogrammetry with energy and resolution constraints},
  author={Di Franco, Carmelo and Buttazzo, Giorgio},
  journal={Journal of Intelligent \& Robotic Systems},
  volume={83},
  number={3-4},
  pages={445--462},
  year={2016},
  publisher={Springer}
}
@inproceedings{2015*lee2010,
  title={Complete coverage algorithm based on linked smooth spiral paths for mobile robots},
  author={Lee, Tae-Kyeong and Baek, Sang-Hoon and Oh, Se-Young and Choi, Young-Ho},
  booktitle={Control Automation Robotics \& Vision (ICARCV), 2010 11th International Conference on},
  pages={609--614},
  year={2010},
  organization={IEEE}
}
@inproceedings{216*luo2002,
  title={A solution to vicinity problem of obstacles in complete coverage path planning},
  author={Luo, Chaomin and Yang, Simon X and Stacey, Deborah A and Jofriet, Jan C},
  booktitle={Robotics and Automation, 2002. Proceedings. ICRA'02. IEEE International Conference on},
  volume={1},
  pages={612--617},
  year={2002},
  organization={IEEE}
}
@inproceedings{217*jimenez2007,
  title={Optimal area covering using genetic algorithms},
  author={Jimenez, Paulo A and Shirinzadeh, Bijan and Nicholson, Ann and Alici, Gursel},
  booktitle={Advanced intelligent mechatronics, 2007 IEEE/ASME international conference on},
  pages={1--5},
  year={2007},
  organization={IEEE}
}
@inproceedings{233*dror2003,
  title={Touring a sequence of polygons},
  author={Dror, Moshe and Efrat, Alon and Lubiw, Anna and Mitchell, Joseph SB},
  booktitle={Proceedings of the thirty-fifth annual ACM symposium on Theory of computing},
  pages={473--482},
  year={2003},
  organization={ACM}
}
@article{234*tan2001,
  title={Fast computation of shortest watchman routes in simple polygons},
  author={Tan, Xuehou},
  journal={Information Processing Letters},
  volume={77},
  number={1},
  pages={27--33},
  year={2001},
  publisher={Elsevier}
}
@article{235*faigl2010,
  title={Approximate solution of the multiple watchman routes problem with restricted visibility range},
  author={Faigl, Jan},
  journal={IEEE transactions on neural networks},
  volume={21},
  number={10},
  pages={1668--1679},
  year={2010},
  publisher={IEEE}
}
@incollection{236*karp1972,
  title={Reducibility among combinatorial problems},
  author={Karp, Richard M},
  booktitle={Complexity of computer computations},
  pages={85--103},
  year={1972},
  publisher={Springer}
}
@incollection{241*hert1996,
  title={A terrain-covering algorithm for an AUV},
  author={Hert, Susan and Tiwari, Sanjay and Lumelsky, Vladimir},
  booktitle={Underwater Robots},
  pages={17--45},
  year={1996},
  publisher={Springer}
}
@inproceedings{195*choi2009,
  title={Online complete coverage path planning for mobile robots based on linked spiral paths using constrained inverse distance transform},
  author={Choi, Young-Ho and Lee, Tae-Kyeong and Baek, Sang-Hoon and Oh, Se-Young},
  booktitle={Intelligent Robots and Systems, 2009. IROS 2009. IEEE/RSJ International Conference on},
  pages={5788--5793},
  year={2009},
  organization={IEEE}
}
@article{190*hsu2014,
  title={On the complete coverage path planning for mobile robots},
  author={Hsu, Ping-Min and Lin, Chun-Liang and Yang, Meng-Yao},
  journal={Journal of Intelligent \& Robotic Systems},
  volume={74},
  number={3-4},
  pages={945--963},
  year={2014},
  publisher={Springer}
}
@inproceedings{242*liu2008,
  title={Combined coverage path planning for autonomous cleaning robots in unstructured environments},
  author={Liu, Yu and Lin, Xiaoyong and Zhu, Shiqiang},
  booktitle={Intelligent Control and Automation, 2008. WCICA 2008. 7th World Congress on},
  pages={8271--8276},
  year={2008},
  organization={IEEE}
}
@article{54*chin1988,
  title={Optimum watchman routes},
  author={Chin, Wei-pang and Ntafos, Simeon},
  journal={Information Processing Letters},
  volume={28},
  number={1},
  pages={39--44},
  year={1988},
  publisher={Elsevier}
}
@inproceedings{215*lee2010,
  title={Complete coverage algorithm based on linked smooth spiral paths for mobile robots},
  author={Lee, Tae-Kyeong and Baek, Sang-Hoon and Oh, Se-Young and Choi, Young-Ho},
  booktitle={Control Automation Robotics \& Vision (ICARCV), 2010 11th International Conference on},
  pages={609--614},
  year={2010},
  organization={IEEE}
}
@article{196*yang2004,
  title={A neural network approach to complete coverage path planning},
  author={Yang, Simon X and Luo, Chaomin},
  journal={IEEE Transactions on Systems, Man, and Cybernetics, Part B (Cybernetics)},
  volume={34},
  number={1},
  pages={718--724},
  year={2004},
  publisher={IEEE}
}
@article{203*zarco2008,
  title={A new era in remote sensing of crops with unmanned robots},
  author={Zarco-Tejada, Pablo J and Berni, Jos{\'e} AJ and Su{\'a}rez, L and Fereres, E},
  journal={SPIE Newsroom},
  pages={2--4},
  year={2008}
}
@article{63*chao2008,
  title={Band-reconfigurable multi-UAV-based cooperative remote sensing for real-time water management and distributed irrigation control},
  author={Chao, Haiyang and Baumann, Marc and Jensen, Austin and Chen, YangQuan and Cao, Yongcan and Ren, Wei and McKee, Mac},
  journal={IFAC Proceedings Volumes},
  volume={41},
  number={2},
  pages={11744--11749},
  year={2008},
  publisher={Elsevier}
}
@article{105*long199,
  title={Use of the global positioning system in soil survey},
  author={Long, DS and DeGloria, SD and Galbraith, JM},
  journal={Journal of soil and water conservation},
  volume={46},
  number={4},
  pages={293--297},
  year={1991},
  publisher={Soil and Water Conservation Society}
}
@article{105*long1991,
  title={Use of the global positioning system in soil survey},
  author={Long, DS and DeGloria, SD and Galbraith, JM},
  journal={Journal of soil and water conservation},
  volume={46},
  number={4},
  pages={293--297},
  year={1991},
  publisher={Soil and Water Conservation Society}
}
@article{167*barrientos2011,
  title={Aerial remote sensing in agriculture: A practical approach to area coverage and path planning for fleets of mini aerial robots},
  author={Barrientos, Antonio and Colorado, Julian and Cerro, Jaime del and Martinez, Alexander and Rossi, Claudio and Sanz, David and Valente, Jo{\~a}o},
  journal={Journal of Field Robotics},
  volume={28},
  number={5},
  pages={667--689},
  year={2011},
  publisher={Wiley Online Library}
}
@article{177*lelong2008,
  title={Assessment of unmanned aerial vehicles imagery for quantitative monitoring of wheat crop in small plots},
  author={Lelong, Camille CD and Burger, Philippe and Jubelin, Guillaume and Roux, Bruno and Labb{\'e}, Sylvain and Baret, Fr{\'e}d{\'e}ric},
  journal={Sensors},
  volume={8},
  number={5},
  pages={3557--3585},
  year={2008},
  publisher={Molecular Diversity Preservation International}
}
@book{boyd2004convex,
  title={Convex optimization},
  author={Boyd, Stephen and Vandenberghe, Lieven},
  year={2004},
  publisher={Cambridge university press}
}
@article{62*vijayan1991,
  title={A new method for floor planning using topological constraint reduction},
  author={Vijayan, Gopalakrishnan and Tsay, R-S},
  journal={IEEE transactions on computer-aided design of integrated circuits and systems},
  volume={10},
  number={12},
  pages={1494--1501},
  year={1991},
  publisher={IEEE}
}
@article{237*casbeer2006,
  title={Cooperative forest fire surveillance using a team of small unmanned air vehicles},
  author={Casbeer, David W and Kingston, Derek B and Beard, Randal W and McLain, Timothy W},
  journal={International Journal of Systems Science},
  volume={37},
  number={6},
  pages={351--360},
  year={2006},
  publisher={Taylor \& Francis}
}
@inproceedings{213*roberts2008,
  title={Energy management for indoor hovering robots},
  author={Roberts, James F and Zufferey, Jean-Christophe and Floreano, Dario},
  booktitle={Intelligent Robots and Systems, 2008. IROS 2008. IEEE/RSJ International Conference on},
  pages={1242--1247},
  year={2008},
  organization={IEEE}
}
@article{172*ponnambalam2004,
  title={A TSP-GA multi-objective algorithm for flow-shop scheduling},
  author={Ponnambalam, SG and Jagannathan, H and Kataria, M and Gadicherla, A},
  journal={The International Journal of Advanced Manufacturing Technology},
  volume={23},
  number={11-12},
  pages={909--915},
  year={2004},
  publisher={Springer}
}

@article{100*cary2010,
  title={Floodlight illumination of infinite wedges},
  author={Cary, Matthew and Rudra, Atri and Sabharwal, Ashish and Vee, Erik},
  journal={Computational Geometry},
  volume={43},
  number={1},
  pages={23--34},
  year={2010},
  publisher={Elsevier}
}

@article{49*ning1994,
  title={Strongly NP-hard discrete gate-sizing problems},
  author={Ning, Wing},
  journal={IEEE Transactions on Computer-Aided Design of Integrated Circuits and Systems},
  volume={13},
  number={8},
  pages={1045--1051},
  year={1994},
  publisher={IEEE}
}

@inproceedings{119*choset1998,
  title={Coverage path planning: The boustrophedon cellular decomposition},
  author={Choset, Howie and Pignon, Philippe},
  booktitle={Field and service robotics},
  pages={203--209},
  year={1998},
  organization={Springer}
}
@article{226*nazarzehi2018,
  title={Distributed self-deployment of mobile wireless 3D robotic sensor networks for complete sensing coverage and forming specific shapes},
  author={Nazarzehi, Vali and Savkin, Andrey V},
  journal={Robotica},
  volume={36},
  number={1},
  pages={1--18},
  year={2018},
  publisher={Cambridge University Press}
}